[gd_scene load_steps=14 format=2]

[ext_resource path="res://src/board/Squares/Square.tscn" type="PackedScene" id=1]
[ext_resource path="res://src/Pieces/BlackRook.tscn" type="PackedScene" id=2]
[ext_resource path="res://src/Pieces/BlackKnight.tscn" type="PackedScene" id=3]
[ext_resource path="res://src/Pieces/WhiteBishop.tscn" type="PackedScene" id=4]
[ext_resource path="res://src/Pieces/WhiteKing.tscn" type="PackedScene" id=5]
[ext_resource path="res://src/Pieces/WhiteRook.tscn" type="PackedScene" id=6]
[ext_resource path="res://src/Pieces/WhiteKnight.tscn" type="PackedScene" id=7]
[ext_resource path="res://src/Pieces/WhiteQueen.tscn" type="PackedScene" id=8]
[ext_resource path="res://src/Pieces/BlackBishop.tscn" type="PackedScene" id=9]
[ext_resource path="res://src/Pieces/BlackPawn.tscn" type="PackedScene" id=10]
[ext_resource path="res://src/Pieces/BlackQueen.tscn" type="PackedScene" id=11]
[ext_resource path="res://src/Pieces/BlackKing.tscn" type="PackedScene" id=12]
[ext_resource path="res://src/Pieces/WhitePawn.tscn" type="PackedScene" id=13]

[node name="Board" type="Node2D"]

[node name="WhiteSquare1" parent="." instance=ExtResource( 1 )]
z_index = -1

[node name="WhiteSquare2" parent="." instance=ExtResource( 1 )]
position = Vector2( 128, 0 )
z_index = -1

[node name="WhiteSquare3" parent="." instance=ExtResource( 1 )]
position = Vector2( 256, 0 )
z_index = -1

[node name="WhiteSquare4" parent="." instance=ExtResource( 1 )]
position = Vector2( 384, 0 )
z_index = -1

[node name="WhiteSquare5" parent="." instance=ExtResource( 1 )]
position = Vector2( 64, 64 )
z_index = -1

[node name="WhiteSquare6" parent="." instance=ExtResource( 1 )]
position = Vector2( 192, 64 )
z_index = -1

[node name="WhiteSquare7" parent="." instance=ExtResource( 1 )]
position = Vector2( 320, 64 )
z_index = -1

[node name="WhiteSquare8" parent="." instance=ExtResource( 1 )]
position = Vector2( 448, 64 )
z_index = -1

[node name="WhiteSquare9" parent="." instance=ExtResource( 1 )]
position = Vector2( 0, 128 )
z_index = -1

[node name="WhiteSquare10" parent="." instance=ExtResource( 1 )]
position = Vector2( 128, 128 )
z_index = -1

[node name="WhiteSquare11" parent="." instance=ExtResource( 1 )]
position = Vector2( 256, 128 )
z_index = -1

[node name="WhiteSquare12" parent="." instance=ExtResource( 1 )]
position = Vector2( 384, 128 )
z_index = -1

[node name="WhiteSquare13" parent="." instance=ExtResource( 1 )]
position = Vector2( 64, 192 )
z_index = -1

[node name="WhiteSquare14" parent="." instance=ExtResource( 1 )]
position = Vector2( 192, 192 )
z_index = -1

[node name="WhiteSquare15" parent="." instance=ExtResource( 1 )]
position = Vector2( 320, 192 )
z_index = -1

[node name="WhiteSquare16" parent="." instance=ExtResource( 1 )]
position = Vector2( 448, 192 )
z_index = -1

[node name="WhiteSquare17" parent="." instance=ExtResource( 1 )]
position = Vector2( 0, 256 )
z_index = -1

[node name="WhiteSquare18" parent="." instance=ExtResource( 1 )]
position = Vector2( 128, 256 )
z_index = -1

[node name="WhiteSquare19" parent="." instance=ExtResource( 1 )]
position = Vector2( 256, 256 )
z_index = -1

[node name="WhiteSquare20" parent="." instance=ExtResource( 1 )]
position = Vector2( 384, 256 )
z_index = -1

[node name="WhiteSquare21" parent="." instance=ExtResource( 1 )]
position = Vector2( 64, 320 )
z_index = -1

[node name="WhiteSquare22" parent="." instance=ExtResource( 1 )]
position = Vector2( 192, 320 )
z_index = -1

[node name="WhiteSquare23" parent="." instance=ExtResource( 1 )]
position = Vector2( 320, 320 )
z_index = -1

[node name="WhiteSquare24" parent="." instance=ExtResource( 1 )]
position = Vector2( 448, 320 )
z_index = -1

[node name="WhiteSquare25" parent="." instance=ExtResource( 1 )]
position = Vector2( 0, 384 )
z_index = -1

[node name="WhiteSquare26" parent="." instance=ExtResource( 1 )]
position = Vector2( 128, 384 )
z_index = -1

[node name="WhiteSquare27" parent="." instance=ExtResource( 1 )]
position = Vector2( 256, 384 )
z_index = -1

[node name="WhiteSquare28" parent="." instance=ExtResource( 1 )]
position = Vector2( 384, 384 )
z_index = -1

[node name="WhiteSquare29" parent="." instance=ExtResource( 1 )]
position = Vector2( 64, 448 )
z_index = -1

[node name="WhiteSquare30" parent="." instance=ExtResource( 1 )]
position = Vector2( 192, 448 )
z_index = -1

[node name="WhiteSquare31" parent="." instance=ExtResource( 1 )]
position = Vector2( 320, 448 )
z_index = -1

[node name="WhiteSquare32" parent="." instance=ExtResource( 1 )]
position = Vector2( 448, 448 )
z_index = -1

[node name="BlackSquare1" parent="." instance=ExtResource( 1 )]
position = Vector2( 64, 0 )
z_index = -1

[node name="TileColor" parent="BlackSquare1" index="0"]
color = Color( 0, 0, 0, 1 )

[node name="BlackSquare2" parent="." instance=ExtResource( 1 )]
position = Vector2( 192, 0 )
z_index = -1

[node name="TileColor" parent="BlackSquare2" index="0"]
color = Color( 0, 0, 0, 1 )

[node name="BlackSquare3" parent="." instance=ExtResource( 1 )]
position = Vector2( 320, 0 )
z_index = -1

[node name="TileColor" parent="BlackSquare3" index="0"]
color = Color( 0, 0, 0, 1 )

[node name="BlackSquare4" parent="." instance=ExtResource( 1 )]
position = Vector2( 448, 0 )
z_index = -1

[node name="TileColor" parent="BlackSquare4" index="0"]
color = Color( 0, 0, 0, 1 )

[node name="BlackSquare5" parent="." instance=ExtResource( 1 )]
position = Vector2( 0, 64 )
z_index = -1

[node name="TileColor" parent="BlackSquare5" index="0"]
color = Color( 0, 0, 0, 1 )

[node name="BlackSquare6" parent="." instance=ExtResource( 1 )]
position = Vector2( 128, 64 )
z_index = -1

[node name="TileColor" parent="BlackSquare6" index="0"]
color = Color( 0, 0, 0, 1 )

[node name="BlackSquare7" parent="." instance=ExtResource( 1 )]
position = Vector2( 256, 64 )
z_index = -1

[node name="TileColor" parent="BlackSquare7" index="0"]
color = Color( 0, 0, 0, 1 )

[node name="BlackSquare8" parent="." instance=ExtResource( 1 )]
position = Vector2( 384, 64 )
z_index = -1

[node name="TileColor" parent="BlackSquare8" index="0"]
color = Color( 0, 0, 0, 1 )

[node name="BlackSquare9" parent="." instance=ExtResource( 1 )]
position = Vector2( 64, 128 )
z_index = -1

[node name="TileColor" parent="BlackSquare9" index="0"]
color = Color( 0, 0, 0, 1 )

[node name="BlackSquare10" parent="." instance=ExtResource( 1 )]
position = Vector2( 192, 128 )
z_index = -1

[node name="TileColor" parent="BlackSquare10" index="0"]
color = Color( 0, 0, 0, 1 )

[node name="BlackSquare11" parent="." instance=ExtResource( 1 )]
position = Vector2( 320, 128 )
z_index = -1

[node name="TileColor" parent="BlackSquare11" index="0"]
color = Color( 0, 0, 0, 1 )

[node name="BlackSquare12" parent="." instance=ExtResource( 1 )]
position = Vector2( 448, 128 )
z_index = -1

[node name="TileColor" parent="BlackSquare12" index="0"]
color = Color( 0, 0, 0, 1 )

[node name="BlackSquare13" parent="." instance=ExtResource( 1 )]
position = Vector2( 0, 192 )
z_index = -1

[node name="TileColor" parent="BlackSquare13" index="0"]
color = Color( 0, 0, 0, 1 )

[node name="BlackSquare14" parent="." instance=ExtResource( 1 )]
position = Vector2( 128, 192 )
z_index = -1

[node name="TileColor" parent="BlackSquare14" index="0"]
color = Color( 0, 0, 0, 1 )

[node name="BlackSquare15" parent="." instance=ExtResource( 1 )]
position = Vector2( 256, 192 )
z_index = -1

[node name="TileColor" parent="BlackSquare15" index="0"]
color = Color( 0, 0, 0, 1 )

[node name="BlackSquare16" parent="." instance=ExtResource( 1 )]
position = Vector2( 384, 192 )
z_index = -1

[node name="TileColor" parent="BlackSquare16" index="0"]
color = Color( 0, 0, 0, 1 )

[node name="BlackSquare17" parent="." instance=ExtResource( 1 )]
position = Vector2( 64, 256 )
z_index = -1

[node name="TileColor" parent="BlackSquare17" index="0"]
color = Color( 0, 0, 0, 1 )

[node name="BlackSquare18" parent="." instance=ExtResource( 1 )]
position = Vector2( 192, 256 )
z_index = -1

[node name="TileColor" parent="BlackSquare18" index="0"]
color = Color( 0, 0, 0, 1 )

[node name="BlackSquare19" parent="." instance=ExtResource( 1 )]
position = Vector2( 320, 256 )
z_index = -1

[node name="TileColor" parent="BlackSquare19" index="0"]
color = Color( 0, 0, 0, 1 )

[node name="BlackSquare20" parent="." instance=ExtResource( 1 )]
position = Vector2( 448, 256 )
z_index = -1

[node name="TileColor" parent="BlackSquare20" index="0"]
color = Color( 0, 0, 0, 1 )

[node name="BlackSquare21" parent="." instance=ExtResource( 1 )]
position = Vector2( 0, 320 )
z_index = -1

[node name="TileColor" parent="BlackSquare21" index="0"]
color = Color( 0, 0, 0, 1 )

[node name="BlackSquare22" parent="." instance=ExtResource( 1 )]
position = Vector2( 128, 320 )
z_index = -1

[node name="TileColor" parent="BlackSquare22" index="0"]
color = Color( 0, 0, 0, 1 )

[node name="BlackSquare23" parent="." instance=ExtResource( 1 )]
position = Vector2( 256, 320 )
z_index = -1

[node name="TileColor" parent="BlackSquare23" index="0"]
color = Color( 0, 0, 0, 1 )

[node name="BlackSquare24" parent="." instance=ExtResource( 1 )]
position = Vector2( 384, 320 )
z_index = -1

[node name="TileColor" parent="BlackSquare24" index="0"]
color = Color( 0, 0, 0, 1 )

[node name="BlackSquare25" parent="." instance=ExtResource( 1 )]
position = Vector2( 64, 384 )
z_index = -1

[node name="TileColor" parent="BlackSquare25" index="0"]
color = Color( 0, 0, 0, 1 )

[node name="BlackSquare26" parent="." instance=ExtResource( 1 )]
position = Vector2( 192, 384 )
z_index = -1

[node name="TileColor" parent="BlackSquare26" index="0"]
color = Color( 0, 0, 0, 1 )

[node name="BlackSquare27" parent="." instance=ExtResource( 1 )]
position = Vector2( 320, 384 )
z_index = -1

[node name="TileColor" parent="BlackSquare27" index="0"]
color = Color( 0, 0, 0, 1 )

[node name="BlackSquare28" parent="." instance=ExtResource( 1 )]
position = Vector2( 448, 384 )
z_index = -1

[node name="TileColor" parent="BlackSquare28" index="0"]
color = Color( 0, 0, 0, 1 )

[node name="BlackSquare29" parent="." instance=ExtResource( 1 )]
position = Vector2( 0, 448 )
z_index = -1

[node name="TileColor" parent="BlackSquare29" index="0"]
color = Color( 0, 0, 0, 1 )

[node name="BlackSquare30" parent="." instance=ExtResource( 1 )]
position = Vector2( 128, 448 )
z_index = -1

[node name="TileColor" parent="BlackSquare30" index="0"]
color = Color( 0, 0, 0, 1 )

[node name="BlackSquare31" parent="." instance=ExtResource( 1 )]
position = Vector2( 256, 448 )
z_index = -1

[node name="TileColor" parent="BlackSquare31" index="0"]
color = Color( 0, 0, 0, 1 )

[node name="BlackSquare32" parent="." instance=ExtResource( 1 )]
position = Vector2( 384, 448 )
z_index = -1

[node name="TileColor" parent="BlackSquare32" index="0"]
color = Color( 0, 0, 0, 1 )

[node name="LabelA" type="Label" parent="."]
margin_left = 26.9087
margin_top = 517.992
margin_right = 66.9087
margin_bottom = 531.992
text = "A"
__meta__ = {
"_edit_use_anchors_": false
}

[node name="LabelB" type="Label" parent="."]
margin_left = 92.4986
margin_top = 518.833
margin_right = 132.499
margin_bottom = 532.833
text = "B"
__meta__ = {
"_edit_use_anchors_": false
}

[node name="LabelC" type="Label" parent="."]
margin_left = 157.248
margin_top = 518.833
margin_right = 197.248
margin_bottom = 532.833
text = "C"
__meta__ = {
"_edit_use_anchors_": false
}

[node name="LabelD" type="Label" parent="."]
margin_left = 219.474
margin_top = 518.833
margin_right = 259.474
margin_bottom = 532.833
text = "D"
__meta__ = {
"_edit_use_anchors_": false
}

[node name="LabelE" type="Label" parent="."]
margin_left = 282.541
margin_top = 518.833
margin_right = 322.541
margin_bottom = 532.833
text = "E"
__meta__ = {
"_edit_use_anchors_": false
}

[node name="LabelF" type="Label" parent="."]
margin_left = 345.608
margin_top = 518.833
margin_right = 385.608
margin_bottom = 532.833
text = "F"
__meta__ = {
"_edit_use_anchors_": false
}

[node name="LabelG" type="Label" parent="."]
margin_left = 410.357
margin_top = 518.833
margin_right = 450.357
margin_bottom = 532.833
text = "G"
__meta__ = {
"_edit_use_anchors_": false
}

[node name="LabelH" type="Label" parent="."]
margin_left = 472.584
margin_top = 518.833
margin_right = 512.584
margin_bottom = 532.833
text = "H"
__meta__ = {
"_edit_use_anchors_": false
}

[node name="Label1" type="Label" parent="."]
margin_left = 525.56
margin_top = 475.947
margin_right = 565.56
margin_bottom = 489.947
text = "1"
__meta__ = {
"_edit_use_anchors_": false
}

[node name="Label2" type="Label" parent="."]
margin_left = 525.56
margin_top = 406.153
margin_right = 565.56
margin_bottom = 420.153
text = "2"
__meta__ = {
"_edit_use_anchors_": false
}

[node name="Label3" type="Label" parent="."]
margin_left = 525.56
margin_top = 343.927
margin_right = 565.56
margin_bottom = 357.927
text = "3"
__meta__ = {
"_edit_use_anchors_": false
}

[node name="Label4" type="Label" parent="."]
margin_left = 525.56
margin_top = 280.019
margin_right = 565.56
margin_bottom = 294.019
text = "4"
__meta__ = {
"_edit_use_anchors_": false
}

[node name="Label5" type="Label" parent="."]
margin_left = 525.56
margin_top = 217.792
margin_right = 565.56
margin_bottom = 231.792
text = "5"
__meta__ = {
"_edit_use_anchors_": false
}

[node name="Label6" type="Label" parent="."]
margin_left = 525.56
margin_top = 150.521
margin_right = 565.56
margin_bottom = 164.521
text = "6"
__meta__ = {
"_edit_use_anchors_": false
}

[node name="Label7" type="Label" parent="."]
margin_left = 525.56
margin_top = 85.7715
margin_right = 565.56
margin_bottom = 99.7715
text = "7"
__meta__ = {
"_edit_use_anchors_": false
}

[node name="Label8" type="Label" parent="."]
margin_left = 525.56
margin_top = 21.0225
margin_right = 565.56
margin_bottom = 35.0225
text = "8"
__meta__ = {
"_edit_use_anchors_": false
}

[node name="BlackRook" parent="." instance=ExtResource( 2 )]

[node name="BlackRook2" parent="." instance=ExtResource( 2 )]
position = Vector2( 448, 0 )

[node name="BlackKnight" parent="." groups=[
"Pieces",
] instance=ExtResource( 3 )]
position = Vector2( 64, 0 )
input_pickable = true
collision_mask = 2147483648

[node name="BlackKnight2" parent="." groups=[
"Pieces",
] instance=ExtResource( 3 )]
position = Vector2( 384, 0 )
input_pickable = true
collision_mask = 2147483648

[node name="BlackBishop" parent="." instance=ExtResource( 9 )]
position = Vector2( 128, 0 )
collision_mask = 0

[node name="BlackBishop2" parent="." instance=ExtResource( 9 )]
position = Vector2( 320, 0 )
collision_mask = 0

[node name="BlackQueen" parent="." groups=[
"Pieces",
] instance=ExtResource( 11 )]
position = Vector2( 192, 0 )
input_pickable = true
collision_mask = 0

[node name="BlackKing" parent="." groups=[
"Pieces",
] instance=ExtResource( 12 )]
position = Vector2( 256, 0 )
input_pickable = true
collision_mask = 0
RookRight = NodePath("../BlackRook2")
RookLeft = NodePath("../BlackRook")

[node name="BlackPawn" parent="." groups=[
"Pieces",
] instance=ExtResource( 10 )]
position = Vector2( 0, 64 )
input_pickable = true
collision_mask = 0

[node name="BlackPawn2" parent="." groups=[
"Pieces",
] instance=ExtResource( 10 )]
position = Vector2( 64, 64 )
input_pickable = true
collision_mask = 0

[node name="BlackPawn3" parent="." groups=[
"Pieces",
] instance=ExtResource( 10 )]
position = Vector2( 128, 64 )
input_pickable = true
collision_mask = 0

[node name="BlackPawn4" parent="." groups=[
"Pieces",
] instance=ExtResource( 10 )]
position = Vector2( 192, 64 )
input_pickable = true
collision_mask = 0

[node name="BlackPawn5" parent="." groups=[
"Pieces",
] instance=ExtResource( 10 )]
position = Vector2( 256, 64 )
input_pickable = true
collision_mask = 0

[node name="BlackPawn6" parent="." groups=[
"Pieces",
] instance=ExtResource( 10 )]
position = Vector2( 320, 64 )
input_pickable = true
collision_mask = 0

[node name="BlackPawn7" parent="." groups=[
"Pieces",
] instance=ExtResource( 10 )]
position = Vector2( 384, 64 )
input_pickable = true
collision_mask = 0

[node name="BlackPawn8" parent="." groups=[
"Pieces",
] instance=ExtResource( 10 )]
position = Vector2( 448, 64 )
input_pickable = true
collision_mask = 0

[node name="WhitePawn" parent="." instance=ExtResource( 13 )]
position = Vector2( 0, 384 )

[node name="WhitePawn2" parent="." instance=ExtResource( 13 )]
position = Vector2( 64, 384 )

[node name="WhitePawn3" parent="." instance=ExtResource( 13 )]
position = Vector2( 128, 384 )

[node name="WhitePawn4" parent="." instance=ExtResource( 13 )]
position = Vector2( 192, 384 )

[node name="WhitePawn5" parent="." instance=ExtResource( 13 )]
position = Vector2( 256, 384 )

[node name="WhitePawn6" parent="." instance=ExtResource( 13 )]
position = Vector2( 320, 384 )

[node name="WhitePawn7" parent="." instance=ExtResource( 13 )]
position = Vector2( 384, 384 )

[node name="WhitePawn8" parent="." instance=ExtResource( 13 )]
position = Vector2( 448, 384 )

[node name="WhiteRook" parent="." groups=[
"Pieces",
] instance=ExtResource( 6 )]
position = Vector2( 0, 448 )
input_pickable = true
collision_mask = 0

[node name="WhiteRook2" parent="." groups=[
"Pieces",
] instance=ExtResource( 6 )]
position = Vector2( 448, 448 )
input_pickable = true
collision_mask = 0

[node name="WhiteKnight" parent="." instance=ExtResource( 7 )]
position = Vector2( 64, 448 )

[node name="WhiteKnight2" parent="." instance=ExtResource( 7 )]
position = Vector2( 384, 448 )

[node name="WhiteBishop" parent="." instance=ExtResource( 4 )]
position = Vector2( 128, 448 )

[node name="WhiteBishop2" parent="." instance=ExtResource( 4 )]
position = Vector2( 320, 448 )

[node name="WhiteQueen" parent="." instance=ExtResource( 8 )]
position = Vector2( 192, 448 )

[node name="WhiteKing" parent="." instance=ExtResource( 5 )]
position = Vector2( 257.189, 448 )
RookRight = NodePath("../WhiteRook2")
RookLeft = NodePath("../WhiteRook")

[editable path="BlackSquare1"]

[editable path="BlackSquare2"]

[editable path="BlackSquare3"]

[editable path="BlackSquare4"]

[editable path="BlackSquare5"]

[editable path="BlackSquare6"]

[editable path="BlackSquare7"]

[editable path="BlackSquare8"]

[editable path="BlackSquare9"]

[editable path="BlackSquare10"]

[editable path="BlackSquare11"]

[editable path="BlackSquare12"]

[editable path="BlackSquare13"]

[editable path="BlackSquare14"]

[editable path="BlackSquare15"]

[editable path="BlackSquare16"]

[editable path="BlackSquare17"]

[editable path="BlackSquare18"]

[editable path="BlackSquare19"]

[editable path="BlackSquare20"]

[editable path="BlackSquare21"]

[editable path="BlackSquare22"]

[editable path="BlackSquare23"]

[editable path="BlackSquare24"]

[editable path="BlackSquare25"]

[editable path="BlackSquare26"]

[editable path="BlackSquare27"]

[editable path="BlackSquare28"]

[editable path="BlackSquare29"]

[editable path="BlackSquare30"]

[editable path="BlackSquare31"]

[editable path="BlackSquare32"]
